@article{test,
    author = "Test, Test",
    title = "Test",
    journal = "Test",
    year = 2023
}